<?xml version="1.0" encoding="UTF-8"?><collection xmlns="http://www.loc.gov/MARC21/slim"><record><leader>00610nam--2200217-u-4500</leader><controlfield tag="001">000050404</controlfield><controlfield tag="002">20161230</controlfield><controlfield tag="003">81825</controlfield><controlfield tag="005">20161230201048</controlfield><controlfield tag="008">070312s1000------------r-----000-0-eng-d</controlfield><datafield ind1=" " ind2=" " tag="020"><subfield code="a">3-540-20043-6</subfield></datafield><datafield ind1=" " ind2=" " tag="040"><subfield code="a">IFIN-HH</subfield></datafield><datafield ind1=" " ind2=" " tag="080"><subfield code="a">538.9:539.219.3:53.06</subfield></datafield><datafield ind1="1" ind2=" " tag="100"><subfield code="a">Heitjans, Paul</subfield></datafield><datafield ind1="1" ind2="0" tag="245"><subfield code="a">Diffusion in Condensed Matter</subfield><subfield code="b">Methods, Materials, Models</subfield><subfield code="c">Paul Heitjans; Jorg Karger (Eds.)</subfield></datafield><datafield ind1=" " ind2=" " tag="260"><subfield code="a">Berlin</subfield><subfield code="b">Springer-Verlag</subfield><subfield code="c">2005</subfield></datafield><datafield ind1=" " ind2=" " tag="300"><subfield code="a">965 p</subfield></datafield><datafield ind1=" " ind2="4" tag="650"><subfield code="a">Solids. Interface. Liquids</subfield></datafield><datafield ind1="1" ind2=" " tag="700"><subfield code="a">Karger, Jorg</subfield><subfield code="e">Ed</subfield></datafield><datafield ind1=" " ind2=" " tag="852"><subfield code="a">81825</subfield><subfield code="c">538.9</subfield></datafield><datafield ind1=" " ind2=" " tag="CAT"><subfield code="a">Sys</subfield><subfield code="c">20110104</subfield><subfield code="h">120856</subfield></datafield></record></collection>